@inproceedings{girshickICCV15fastrcnn,
    Author = {Ross Girshick},
    Title = {Fast R-CNN},
    Booktitle = {International Conference on Computer Vision ({ICCV})},
    Year = {2015}
}

@inproceedings{renNIPS15fasterrcnn,
    Author = {Shaoqing Ren and Kaiming He and Ross Girshick and Jian Sun},
    Title = {Faster {R-CNN}: Towards Real-Time Object Detection with Region Proposal Networks},
    Booktitle = {Advances in Neural Information Processing Systems ({NIPS})},
    Year = {2015}
}

@article{chen17implementation,
    Author = {Xinlei Chen and Abhinav Gupta},
    Title = {An Implementation of Faster RCNN with Study for Region Sampling},
    Journal = {arXiv preprint arXiv:1702.02138},
    Year = {2017}
}

@article{GehringAGYD17,
  author    = {Jonas Gehring and
               Michael Auli and
               David Grangier and
               Denis Yarats and
               Yann N. Dauphin},
  title     = {Convolutional Sequence to Sequence Learning},
  journal   = {CoRR},
  volume    = {abs/1705.03122},
  year      = {2017},
  url       = {http://arxiv.org/abs/1705.03122},
  archivePrefix = {arXiv},
  eprint    = {1705.03122},
  timestamp = {Wed, 07 Jun 2017 14:41:12 +0200},
  biburl    = {https://dblp.org/rec/bib/journals/corr/GehringAGYD17},
  bibsource = {dblp computer science bibliography, https://dblp.org}
}

@article{VaswaniSPUJGKP17,
  author    = {Ashish Vaswani and
               Noam Shazeer and
               Niki Parmar and
               Jakob Uszkoreit and
               Llion Jones and
               Aidan N. Gomez and
               Lukasz Kaiser and
               Illia Polosukhin},
  title     = {Attention Is All You Need},
  journal   = {CoRR},
  volume    = {abs/1706.03762},
  year      = {2017},
  url       = {http://arxiv.org/abs/1706.03762},
  archivePrefix = {arXiv},
  eprint    = {1706.03762},
  timestamp = {Mon, 03 Jul 2017 13:29:02 +0200},
  biburl    = {https://dblp.org/rec/bib/journals/corr/VaswaniSPUJGKP17},
  bibsource = {dblp computer science bibliography, https://dblp.org}
}

@article{DBLP:journals/corr/abs-1709-02755,
  author    = {Tao Lei and
               Yu Zhang and
               Yoav Artzi},
  title     = {Training RNNs as Fast as CNNs},
  journal   = {CoRR},
  volume    = {abs/1709.02755},
  year      = {2017},
  url       = {http://arxiv.org/abs/1709.02755},
  archivePrefix = {arXiv},
  eprint    = {1709.02755},
  timestamp = {Tue, 20 Feb 2018 07:20:35 +0100},
  biburl    = {https://dblp.org/rec/bib/journals/corr/abs-1709-02755},
  bibsource = {dblp computer science bibliography, https://dblp.org}
}

@article{DBLP:journals/corr/GuCL17,
  author    = {Jiatao Gu and
               Kyunghyun Cho and
               Victor O. K. Li},
  title     = {Trainable Greedy Decoding for Neural Machine Translation},
  journal   = {CoRR},
  volume    = {abs/1702.02429},
  year      = {2017},
  url       = {http://arxiv.org/abs/1702.02429},
  archivePrefix = {arXiv},
  eprint    = {1702.02429},
  timestamp = {Wed, 07 Jun 2017 14:41:47 +0200},
  biburl    = {https://dblp.org/rec/bib/journals/corr/GuCL17},
  bibsource = {dblp computer science bibliography, https://dblp.org}
}

@article{ILSVRC15,
Author = {Olga Russakovsky and Jia Deng and Hao Su and Jonathan Krause and Sanjeev Satheesh and Sean Ma and Zhiheng Huang and Andrej Karpathy and Aditya Khosla and Michael Bernstein and Alexander C. Berg and Li Fei-Fei},
Title = {ImageNet Large Scale Visual Recognition Challenge},
Year = {2015},
journal   = {International Journal of Computer Vision (IJCV)},
doi = {10.1007/s11263-015-0816-y},
volume={115},
number={3},
pages={211-252}
}

@article{VGG,
  title={Very deep convolutional networks for large-scale image recognition},
  author={Simonyan, Karen and Zisserman, Andrew},
  journal={arXiv preprint arXiv:1409.1556},
  year={2014}
}
@inproceedings{RES,
  title={Deep residual learning for image recognition},
  author={He, Kaiming and Zhang, Xiangyu and Ren, Shaoqing and Sun, Jian},
  booktitle={Proceedings of the IEEE conference on computer vision and pattern recognition},
  pages={770--778},
  year={2016}
}

@article{halffloat,
  author    = {Suyog Gupta and
               Ankur Agrawal and
               Kailash Gopalakrishnan and
               Pritish Narayanan},
  title     = {Deep Learning with Limited Numerical Precision},
  journal   = {CoRR},
  volume    = {abs/1502.02551},
  year      = {2015},
  url       = {http://arxiv.org/abs/1502.02551},
  archivePrefix = {arXiv},
  eprint    = {1502.02551},
  timestamp = {Wed, 07 Jun 2017 14:42:55 +0200},
  biburl    = {https://dblp.org/rec/bib/journals/corr/GuptaAGN15},
  bibsource = {dblp computer science bibliography, https://dblp.org}
}